@inproceedings{DBLP:conf/iclr/RenS25,
  author    = {Yi Ren and
               Danica J. Sutherland},
  title     = {Learning Dynamics of {LLM} Finetuning},
  booktitle = {The Thirteenth International Conference on Learning Representations,
               {ICLR} 2025, Singapore, April 24-28, 2025},
  publisher = {OpenReview.net},
  year      = {2025},
  url       = {https://openreview.net/forum?id=tPNHOoZFl9},
  timestamp = {Thu, 15 May 2025 17:19:05 +0200},
  biburl    = {https://dblp.org/rec/conf/iclr/RenS25.bib},
  bibsource = {dblp computer science bibliography, https://dblp.org}
}

@inproceedings{DBLP:conf/iclr/RenGS22,
  author    = {Yi Ren and
               Shangmin Guo and
               Danica J. Sutherland},
  title     = {Better Supervisory Signals by Observing Learning Paths},
  booktitle = {The Tenth International Conference on Learning Representations, {ICLR}
               2022, Virtual Event, April 25-29, 2022},
  publisher = {OpenReview.net},
  year      = {2022},
  url       = {https://openreview.net/forum?id=Iog0djAdbHj},
  timestamp = {Sat, 20 Aug 2022 01:15:42 +0200},
  biburl    = {https://dblp.org/rec/conf/iclr/RenGS22.bib},
  bibsource = {dblp computer science bibliography, https://dblp.org}
}

@inproceedings{DBLP:conf/nips/AroraDH0SW19,
  author    = {Sanjeev Arora and
               Simon S. Du and
               Wei Hu and
               Zhiyuan Li and
               Ruslan Salakhutdinov and
               Ruosong Wang},
  editor    = {Hanna M. Wallach and
               Hugo Larochelle and
               Alina Beygelzimer and
               Florence d'Alch{\'{e}}{-}Buc and
               Emily B. Fox and
               Roman Garnett},
  title     = {On Exact Computation with an Infinitely Wide Neural Net},
  booktitle = {Advances in Neural Information Processing Systems 32: Annual Conference
               on Neural Information Processing Systems 2019, NeurIPS 2019, December
               8-14, 2019, Vancouver, BC, Canada},
  pages     = {8139--8148},
  year      = {2019},
  url       = {https://proceedings.neurips.cc/paper/2019/hash/dbc4d84bfcfe2284ba11beffb853a8c4-Abstract.html},
  timestamp = {Sun, 06 Oct 2024 21:12:31 +0200},
  biburl    = {https://dblp.org/rec/conf/nips/AroraDH0SW19.bib},
  bibsource = {dblp computer science bibliography, https://dblp.org}
}

@inproceedings{DBLP:conf/nips/JacotHG18,
  author    = {Arthur Jacot and
               Cl{\'{e}}ment Hongler and
               Franck Gabriel},
  editor    = {Samy Bengio and
               Hanna M. Wallach and
               Hugo Larochelle and
               Kristen Grauman and
               Nicol{\`{o}} Cesa{-}Bianchi and
               Roman Garnett},
  title     = {Neural Tangent Kernel: Convergence and Generalization in Neural Networks},
  booktitle = {Advances in Neural Information Processing Systems 31: Annual Conference
               on Neural Information Processing Systems 2018, NeurIPS 2018, December
               3-8, 2018, Montr{\'{e}}al, Canada},
  pages     = {8580--8589},
  year      = {2018},
  url       = {https://proceedings.neurips.cc/paper/2018/hash/5a4be1fa34e62bb8a6ec6b91d2462f5a-Abstract.html},
  timestamp = {Mon, 16 May 2022 15:41:51 +0200},
  biburl    = {https://dblp.org/rec/conf/nips/JacotHG18.bib},
  bibsource = {dblp computer science bibliography, https://dblp.org}
}